<record><leader>00000cas a2200000 a 4500</leader><controlfield tag="001">11470558</controlfield><controlfield tag="008">841208d18121819ohuwr ne      0    0eng d</controlfield><datafield ind1=" " ind2=" " tag="010"><subfield code="a">sn 84028823 </subfield></datafield><datafield ind1=" " ind2=" " tag="040"><subfield code="a">NPY</subfield><subfield code="b">eng</subfield><subfield code="c">NPY</subfield><subfield code="d">NPX</subfield><subfield code="d">NPU</subfield><subfield code="d">ONP</subfield><subfield code="d">KNP</subfield><subfield code="d">NVK</subfield><subfield code="d">OCL</subfield><subfield code="d">CRL</subfield><subfield code="d">OCL</subfield><subfield code="d">OCLCQ</subfield><subfield code="d">OCLCF</subfield><subfield code="d">OCLCO</subfield></datafield><datafield ind1="1" ind2=" " tag="029"><subfield code="a">AU@</subfield><subfield code="b">000020375441</subfield></datafield><datafield ind1=" " ind2=" " tag="042"><subfield code="a">msc</subfield></datafield><datafield ind1=" " ind2=" " tag="043"><subfield code="a">n-us-oh</subfield></datafield><datafield ind1="0" ind2=" " tag="130"><subfield code="a">Muskingum messenger (Zanesville, Ohio : 1812)</subfield></datafield><datafield ind1="1" ind2="0" tag="245"><subfield code="a">Muskingum messenger.</subfield></datafield><datafield ind1=" " ind2=" " tag="260"><subfield code="a">Zanesville, Ohio :</subfield><subfield code="b">Sawyer &amp; Chambers,</subfield><subfield code="c">1812-1819.</subfield></datafield><datafield ind1=" " ind2=" " tag="300"><subfield code="a">v.</subfield></datafield><datafield ind1=" " ind2=" " tag="310"><subfield code="a">Weekly</subfield></datafield><datafield ind1="0" ind2=" " tag="362"><subfield code="a">Vol. 3, no. 15 (Apr. 8. 1812)-v. 10, no. 28 (Aug. 18, 1819) = whole no. 119-496.</subfield></datafield><datafield ind1=" " ind2=" " tag="500"><subfield code="a">Publishers: David Chambers, 1814-1816; Chambers &amp; Heard, 1816; Josiah Heard, 1817-Feb. 3, 1819&gt;; Ezekiel T. Cox, &lt;Aug. 18, 1819-</subfield></datafield><datafield ind1=" " ind2=" " tag="530"><subfield code="a">Available on microfilm from Bell &amp; Howell.</subfield></datafield><datafield ind1=" " ind2="0" tag="651"><subfield code="a">Zanesville (Ohio)</subfield><subfield code="v">Newspapers.</subfield></datafield><datafield ind1=" " ind2="0" tag="651"><subfield code="a">Muskingum County (Ohio)</subfield><subfield code="v">Newspapers.</subfield></datafield><datafield ind1=" " ind2="7" tag="655"><subfield code="a">Newspapers.</subfield><subfield code="2">fast</subfield><subfield code="0">(OCoLC)fst01423814</subfield></datafield><datafield ind1=" " ind2="7" tag="651"><subfield code="a">Ohio</subfield><subfield code="z">Muskingum County.</subfield><subfield code="2">fast</subfield><subfield code="0">(OCoLC)fst01209592</subfield></datafield><datafield ind1=" " ind2="7" tag="651"><subfield code="a">Ohio</subfield><subfield code="z">Zanesville.</subfield><subfield code="2">fast</subfield><subfield code="0">(OCoLC)fst01225925</subfield></datafield><datafield ind1="1" ind2=" " tag="700"><subfield code="a">Chambers, David,</subfield><subfield code="d">1760-1864.</subfield></datafield><datafield ind1="1" ind2=" " tag="700"><subfield code="a">Heard, Josiah.</subfield></datafield><datafield ind1="1" ind2=" " tag="700"><subfield code="a">Cox, Ezekiel T.</subfield></datafield><datafield ind1=" " ind2=" " tag="752"><subfield code="a">United States</subfield><subfield code="b">Ohio</subfield><subfield code="c">Muskingum</subfield><subfield code="d">Zanesville.</subfield></datafield><datafield ind1="0" ind2="0" tag="780"><subfield code="t">Muskingum messenger and Ohio intelligencer</subfield><subfield code="w">(DLC)sn 84024193</subfield><subfield code="w">(OCoLC)11178532</subfield></datafield><datafield ind1="0" ind2="0" tag="785"><subfield code="t">Muskingum messenger, and Democratic Republican</subfield><subfield code="w">(DLC)sn 84028824</subfield><subfield code="w">(OCoLC)11470608</subfield></datafield></record>